
@article{mckiernan_point_2016,
	title = {Point of {View}: {How} open science helps researchers succeed},
	volume = {5},
	copyright = {© 2016 McKiernan et al.. This article is distributed under the terms of the Creative Commons Attribution License, which permits unrestricted use and redistribution provided that the original author and source are credited.},
	issn = {2050-084X},
	shorttitle = {Point of {View}},
	url = {https://elifesciences.org/articles/16800},
	doi = {10.7554/eLife.16800},
	abstract = {Open research practices bring significant benefits to researchers.},
	language = {en},
	urldate = {2018-05-24},
	journal = {eLife},
	author = {McKiernan, Erin C. and Bourne, Philip E. and Brown, C. Titus and Buck, Stuart and Kenall, Amye and Lin, Jennifer and McDougall, Damon and Nosek, Brian A. and Ram, Karthik and Soderberg, Courtney K. and Spies, Jeffrey R. and Thaney, Kaitlin and Updegrove, Andrew and Woo, Kara H. and Yarkoni, Tal},
	month = jul,
	year = {2016},
	keywords = {Open access, Open access: workshop},
	pages = {e16800},
	file = {Full Text PDF:C\:\\Users\\joly.WZB\\Zotero\\storage\\QID79PUQ\\McKiernan et al. - 2016 - Point of View How open science helps researchers .pdf:application/pdf}
}

@misc{bezjak_open_2018,
	title = {Open {Science} {Training} {Handbook}},
	shorttitle = {https://doi.org/10.5281/zenodo.1212496},
	author = {Bezjak, Sonja and Clyburne-Sherin, April and Conzett, Philipp and Fernandes, Pedro L. and Görögh, Edit and Helbig, Kerstin and Kramer, Bianca and Labastida, Ignasi and Niemeyer, Kyle and Psomopoulos, Fotis and Ross-Hellauer, Tony and Schneider, René and Tennant, Jon and Verbakel, Ellen},
	year = {2018},
	keywords = {Open access, Open access: workshop}
}